dilraj@dilraj-Aspire-A114-32.68167:1619999625