@book{BRJ99,
       AUTHOR={G. Booch and J. Rumbaugh and I. Jacobson},
       TITLE={The Unified Modeling Language User Guide},
       PUBLISHER={Addison-Wesley},
       YEAR={1999},
}

@techreport{Flo02,
    AUTHOR={Gert Florijn},
    TITLE={Rev{J}ava:  Design Critiques and Architectural Conformance Checking for {J}ava Software},
    INSTITUTION={Software Engineering Research Centre (SERC)},
    YEAR={2002},
    MONTH={May},
}


@phdthesis{Wuy01,
       AUTHOR={Roel Wuyts},
       TITLE={A Logic Meta-Programming Approach to Support the Co-Evolution of Object-Oriented Design and Implementation},
       MONTH={January},
       YEAR={2001},
       SCHOOL={Vrije Unversiteit Brussel (VUB)},
}

@article{aneut,
  title = {Detection of the Free Antineutrino},
  author = {Reines, F. and Cowan, C. L. and Harrison, F. B. and McGuire, A. D. and Kruse, H. W.},
  journal = {Phys. Rev.},
  volume = {117},
  issue = {1},
  pages = {159--173},
  numpages = {0},
  year = {1960},
  month = {Jan},
  publisher = {American Physical Society},
  doi = {10.1103/PhysRev.117.159},
  url = {https://link.aps.org/doi/10.1103/PhysRev.117.159}
}

@article{nu_proposition,
       author = {{Brown}, Laurie M.},
        title = "{The idea of the neutrino}",
      journal = {Physics Today},
         year = 1978,
        month = sep,
       volume = {31},
       number = {9},
        pages = {23-28},
          doi = {10.1063/1.2995181},
       adsurl = {https://ui.adsabs.harvard.edu/abs/1978PhT....31i..23B},
      adsnote = {Provided by the SAO/NASA Astrophysics Data System}
}

@article{m_nu,
  title={Observation of High-Energy Neutrino Reactions and the Existence of Two Kinds of Neutrinos},
  author={G. Danby and J. Gaillard and K. Goulianos and L. Lederman and N. Mistry and M. Schwartz and J. Steinberger},
  journal={Physical Review Letters},
  year={1962},
  volume={9},
  pages={36-44}
}

@article{t_nu,
   title={Observation of tau neutrino interactions},
   volume={504},
   ISSN={0370-2693},
   url={http://dx.doi.org/10.1016/S0370-2693(01)00307-0},
   DOI={10.1016/s0370-2693(01)00307-0},
   number={3},
   journal={Physics Letters B},
   publisher={Elsevier BV},
   author={Kodama, K. and Ushida, N. and Andreopoulos, C. and Saoulidou, N. and Tzanakos, G. and Yager, P. and Baller, B. and Boehnlein, D. and Freeman, W. and Lundberg, B. and et al.},
   year={2001},
   month={Apr},
   pages={218â€“224}
}